<?xml version="1.0" encoding="UTF-8"?><collection xmlns="http://www.loc.gov/MARC21/slim"><record><leader>00441nam--2200181-i-4500</leader><controlfield tag="001">000027930</controlfield><controlfield tag="002">20161230</controlfield><controlfield tag="005">20161230201037</controlfield><controlfield tag="008">060222s1000------------r-----000-0-fre-d</controlfield><datafield ind1=" " ind2=" " tag="040"><subfield code="a">IFIN-HH</subfield></datafield><datafield ind1=" " ind2=" " tag="041"><subfield code="a">fre</subfield></datafield><datafield ind1="1" ind2=" " tag="100"><subfield code="a">Leech, J.W</subfield></datafield><datafield ind1="1" ind2="0" tag="245"><subfield code="a">Elements de mecanique analytique</subfield><subfield code="c">J.w. leech</subfield></datafield><datafield ind1=" " ind2=" " tag="260"><subfield code="a">Paris, Dunod, 1961</subfield></datafield><datafield ind1=" " ind2=" " tag="300"><subfield code="a">XI + 177P</subfield></datafield><datafield ind1=" " ind2=" " tag="490"><subfield code="a">Monographie Dunod</subfield></datafield><datafield ind1=" " ind2=" " tag="852"><subfield code="a">16371</subfield><subfield code="c">531</subfield></datafield><datafield ind1=" " ind2=" " tag="CAT"><subfield code="a">Sys</subfield><subfield code="c">20100622</subfield><subfield code="h">133530</subfield></datafield></record></collection>